\providecommand{\bysame}{\leavevmode\hbox to3em{\hrulefill}\thinspace}
\providecommand{\MR}{\relax\ifhmode\unskip\space\fi MR }
% \MRhref is called by the amsart/book/proc definition of \MR.
\providecommand{\MRhref}[2]{%
  \href{http://www.ams.org/mathscinet-getitem?mr=#1}{#2}
}
\providecommand{\href}[2]{#2}
\begin{thebibliography}{Foub}


\bibitem[Com]{kruispunt}
\emph{kruispunt},
  \url{https://nl.wikipedia.org/wiki/Complexe_vlak%7D%7D}, (Accessed on
  11/30/2020).



\end{thebibliography}

