\begin{thebibliography}{1}

\bibitem{chabroux}
Vincent Chabroux, Caroline Barelle, and Daniel Favier.
\newblock Aerodynamics of cyclist posture, bicycle and helmet characteristics
  in time trial stage.
\newblock {\em Journal of applied biomechanics}, 28(3):317--323, 2012.

\bibitem{campenaerts}
Bert Blocken.
\newblock Het werelduurrecord wielrennen als proeftuin voor aerodynamische
  innovaties.
\newblock 2019.

\bibitem{debraux}
Pierre Debraux, Frederic Grappe, Aneliya~V Manolova, and William Bertucci.
\newblock Aerodynamic drag in cycling: methods of assessment.
\newblock {\em Sports Biomechanics}, 10(3):197--218, 2011.

\bibitem{fintelman}
DM~Fintelman, M~Sterling, H~Hemida, and FX~Li.
\newblock The effect of time trial cycling position on physiological and
  aerodynamic variables.
\newblock {\em Journal of sports sciences}, 33(16):1730--1737, 2015.

\bibitem{helmen}
L~Underwood, M~Jermy, P~Eloi, and G~Cornillon.
\newblock Helmet position, ventilation holes and drag in cycling.
\newblock {\em Sports Engineering}, 18(4):241--248, 2015.

\end{thebibliography}

