\begin{thebibliography}{1}

@article{artikel1,
	title={Opgave teamopdracht Probleemoplossen en ontwerpen 2},
	author={Benjamin Maveau, Kevin Truyaert},
	
}

@article{Smart,
	title={P&O 2 : Smart City},
	author={Benjamin Maveau, Kevin Truyaert, Martijn Bouss√©e},
	
}


\end{thebibliography}
